@article{tsai1984multiframe,
	title={Multiframe image restoration and registration},
	author={Tsai, RY and Huang, Thomas S},
	journal={Advances in computer vision and Image Processing},
	volume={1},
	number={2},
	pages={317--339},
	year={1984}
}