@article{,
file = {:C$\backslash$:/Users/Reich/Documents/Mendeley Desktop/Unknown/2015\_Hdtv xii.pdf:pdf},
number = {603},
pages = {5400},
title = {{Hdtv xii}},
year = {2015}
}
@article{Xii2015,
author = {Xii, Hdtv},
file = {:C$\backslash$:/Users/Reich/Documents/Mendeley Desktop/Unknown/2015\_FOR IMMEDIATE RELEASE HDTV SETS NOW IN OVER 80 \% OF U . S . HOUSEHOLDS About Two-Thirds of all TV Sets Used in U . S . Households a.pdf:pdf},
pages = {11--12},
title = {{FOR IMMEDIATE RELEASE HDTV SETS NOW IN OVER 80 \% OF U . S . HOUSEHOLDS About Two-Thirds of all TV Sets Used in U . S . Households are HDTVs}},
year = {2015}
}
